<?xml version="1.0" encoding="UTF-8"?><collection xmlns="http://www.loc.gov/MARC21/slim"><record><leader>00482nam--2200133-i-4500</leader><controlfield tag="001">000015837</controlfield><controlfield tag="002">20161230</controlfield><controlfield tag="005">20161230201031</controlfield><controlfield tag="008">060222s1000------------r-----000-0-eng-d</controlfield><datafield ind1=" " ind2=" " tag="100"><subfield code="a">Cojan, Mihail A</subfield></datafield><datafield ind1=" " ind2=" " tag="245"><subfield code="a">Aplicarea metodei risc-siguranta in functionar e-testare la studiul teoretic si experimental al sistemelor de actionare a barelor de contro l la reactorii nucleari. teza</subfield></datafield><datafield ind1=" " ind2=" " tag="260"><subfield code="a">Bucuresti, Institutul Central De Fizica, 1987</subfield></datafield><datafield ind1=" " ind2=" " tag="490"><subfield code="a">154p</subfield></datafield><datafield ind1=" " ind2=" " tag="852"><subfield code="a">621.039.56(043)</subfield></datafield></record></collection>